<?xml version="1.0" encoding="UTF-8"?><collection xmlns="http://www.loc.gov/MARC21/slim"><record><leader>00352nam--2200133-i-4500</leader><controlfield tag="001">000010810</controlfield><controlfield tag="002">20161230</controlfield><controlfield tag="005">20161230201029</controlfield><controlfield tag="008">060222s1000------------r-----000-0-eng-d</controlfield><datafield ind1=" " ind2=" " tag="080"><subfield code="a">541.64(075)</subfield></datafield><datafield ind1=" " ind2=" " tag="100"><subfield code="a">Billmeyer,Fred W</subfield></datafield><datafield ind1=" " ind2=" " tag="245"><subfield code="a">Textbook of polymer science.second edition</subfield></datafield><datafield ind1=" " ind2=" " tag="260"><subfield code="a">New York,Wiley-interscience,1971. Xiv + 598p</subfield></datafield><datafield ind1=" " ind2=" " tag="852"><subfield code="a">39432</subfield></datafield></record></collection>